@inproceedings{hauswirth,
	  title={Low-overhead memory leak detection using adaptive statistical profiling},
	    author={Hauswirth, Matthias and Chilimbi, Trishul M},
	      booktitle={Acm Sigplan Notices},
	        volume={39},
		  number={11},
		    pages={156--164},
		      year={2004},
		        organization={ACM}
}

@inproceedings{saber,
	  title={Static memory leak detection using full-sparse value-flow analysis},
	    author={Sui, Yulei and Ye, Ding and Xue, Jingling},
	      booktitle={Proceedings of the 2012 International Symposium on Software Testing and Analysis},
	        pages={254--264},
		  year={2012},
		    organization={ACM}
}

@inproceedings{flow,
	  title={Practical memory leak detection using guarded value-flow analysis},
	    author={Cherem, Sigmund and Princehouse, Lonnie and Rugina, Radu},
	      booktitle={ACM SIGPLAN Notices},
	        volume={42},
		  number={6},
		    pages={480--491},
		      year={2007},
		        organization={ACM}
}

@inproceedings{purify,
	  title={Purify: Fast detection of memory leaks and access errors},
	    author={Hastings, Reed and Joyce, Bob},
	      booktitle={In proc. of the winter 1992 usenix conference},
	        year={1991}
}


@misc{mark-and-sweep,
	  title={A garbage collector for C and C++},
	    author={Boehm, Hans and Demers, Alan and Weiser, Mark},
	      year={2002}
}

@misc{chromium,
	title={Chromium Git Repository},
	howpublished={\url{https://chromium.googlesource.com/chromium/src.git}}
}

@misc{chromium-leak,
	title={Chromium Git Repository: Leak Detector code},
	howpublished={\url{https://cs.chromium.org/chromium/src/components/metrics/leak_detector/}}
}

@misc{deep,
	title={Chromium Git Repository: Deep Memory Profiler},
	howpublished={\url{https://www.chromium.org/developers/deep-memory-profiler}}
}

@misc{farmhash,
	title={FarmHash Git Repository},
	howpublished={\url{https://github.com/google/farmhash}}
}

@misc{valgrind,
	howpublished={\url{http://valgrind.org/}}
}

@misc{leak-san,
	howpublished={\url{http://clang.llvm.org/docs/LeakSanitizer.html}}
}

@inproceedings{boolean,
	  title={Context-and path-sensitive memory leak detection},
	    author={Xie, Yichen and Aiken, Alex},
	      booktitle={ACM SIGSOFT Software Engineering Notes},
	        volume={30},
		  number={5},
		    pages={115--125},
		      year={2005},
		        organization={ACM}
}

@inproceedings{cork,
	  title={Cork: dynamic memory leak detection for garbage-collected languages},
	    author={Jump, Maria and McKinley, Kathryn S},
	      booktitle={Acm Sigplan Notices},
	        volume={42},
		  number={1},
		    pages={31--38},
		      year={2007},
		        organization={ACM}
}

@article{sleigh,
	  title={Bell: bit-encoding online memory leak detection},
	    author={Bond, Michael D and McKinley, Kathryn S},
	      journal={ACM SIGOPS Operating Systems Review},
	        volume={40},
		  number={5},
		    pages={61--72},
		      year={2006},
		        publisher={ACM}
}

@inproceedings{containers,
	  title={Precise memory leak detection for java software using container profiling},
	    author={Xu, Guoqing and Rountev, Atanas},
	      booktitle={2008 ACM/IEEE 30th International Conference on Software Engineering},
	        pages={151--160},
		  year={2008},
		    organization={IEEE}
}

@inproceedings{address,
	  title={AddressSanitizer: a fast address sanity checker},
	    author={Serebryany, Konstantin and Bruening, Derek and Potapenko, Alexander and Vyukov, Dmitriy},
	      booktitle={Presented as part of the 2012 USENIX Annual Technical Conference (USENIX ATC 12)},
	        pages={309--318},
		  year={2012}
}

@article{gwp,
 author = {Ren, Gang and Tune, Eric and Moseley, Tipp and Shi, Yixin and Rus, Silvius and Hundt, Robert},
 title = {Google-Wide Profiling: A Continuous Profiling Infrastructure for Data Centers},
 journal = {IEEE Micro},
 issue_date = {July 2010},
 volume = {30},
 number = {4},
 month = jul,
 year = {2010},
 issn = {0272-1732},
 pages = {65--79},
 numpages = {15},
 url = {http://dx.doi.org/10.1109/MM.2010.68},
 doi = {10.1109/MM.2010.68},
 acmid = {1849332},
 publisher = {IEEE Computer Society Press},
} 

@misc{cr-flash,
	howpublished={\url{http://crrev.com/874703003}}
}

@misc{cr-orphaned,
	howpublished={\url{http://crrev.com/1005893002}}
}

@misc{cr-refresh,
	howpublished={\url{http://crrev.com/1149563006}}
}

@misc{cr-mappings,
	howpublished={\url{http://crrev.com/2544203003}}
}

@misc{cr-playback,
	howpublished={\url{https://crrev.com/2605993002}}
}

@misc{bug-files,
	howpublished={\url{https://bugs.chromium.org/p/chromium/issues/detail?id=678869}}
}

@misc{wikimedia,
	howpublished={\url{https://analytics.wikimedia.org/dashboards/browsers/\#all-sites-by-browser}}
}